<record><leader>00000cas a2200000 a 4500</leader><controlfield tag="001">8814127</controlfield><controlfield tag="008">820928d18541873caudn ne      0   a0eng  </controlfield><datafield ind1=" " ind2=" " tag="010"><subfield code="a">sn 82015728 </subfield></datafield><datafield ind1=" " ind2=" " tag="040"><subfield code="a">DLC</subfield><subfield code="b">eng</subfield><subfield code="c">DLC</subfield><subfield code="d">NPX</subfield><subfield code="d">DLC</subfield><subfield code="d">CNW</subfield><subfield code="d">CNK</subfield><subfield code="d">NVF</subfield><subfield code="d">OCL</subfield><subfield code="d">DLC</subfield><subfield code="d">OCLCQ</subfield><subfield code="d">OCLCF</subfield><subfield code="d">AQM</subfield><subfield code="d">CUS</subfield></datafield><datafield ind1=" " ind2=" " tag="019"><subfield code="a">210778948</subfield></datafield><datafield ind1=" " ind2=" " tag="042"><subfield code="a">pcc</subfield></datafield><datafield ind1=" " ind2=" " tag="043"><subfield code="a">n-us-ca</subfield></datafield><datafield ind1="0" ind2="0" tag="050"><subfield code="a">Newspaper</subfield></datafield><datafield ind1=" " ind2="4" tag="050"><subfield code="a">AN</subfield></datafield><datafield ind1="0" ind2=" " tag="130"><subfield code="a">Daily San Joaquin Republican (Stockton, Calif. : 1854)</subfield></datafield><datafield ind1="1" ind2="0" tag="245"><subfield code="a">Daily San Joaquin Republican.</subfield></datafield><datafield ind1="1" ind2="3" tag="246"><subfield code="a">San Joaquin daily Republican</subfield></datafield><datafield ind1="1" ind2=" " tag="246"><subfield code="i">Published as:</subfield><subfield code="a">San Joaquin Republican</subfield><subfield code="f">July 19-Dec. 25, 1854</subfield></datafield><datafield ind1=" " ind2=" " tag="260"><subfield code="a">Stockton, Calif. :</subfield><subfield code="b">Mansfield, Patrick &amp; Co.</subfield></datafield><datafield ind1=" " ind2=" " tag="300"><subfield code="a">volumes :</subfield><subfield code="b">illustrations (chiefly advertisements) ;</subfield><subfield code="c">59-69 cm.</subfield></datafield><datafield ind1=" " ind2=" " tag="310"><subfield code="a">Daily (except Monday),</subfield><subfield code="b">Dec. 27, 1854-1873</subfield></datafield><datafield ind1=" " ind2=" " tag="321"><subfield code="a">Daily (except Sunday),</subfield><subfield code="b">1854-July 17, 1854</subfield></datafield><datafield ind1=" " ind2=" " tag="321"><subfield code="a">Triweekly,</subfield><subfield code="b">July 19-Dec. 25, 1854</subfield></datafield><datafield ind1=" " ind2=" " tag="336"><subfield code="a">text</subfield><subfield code="b">txt</subfield><subfield code="2">rdacontent</subfield></datafield><datafield ind1=" " ind2=" " tag="337"><subfield code="a">unmediated</subfield><subfield code="b">n</subfield><subfield code="2">rdamedia</subfield></datafield><datafield ind1=" " ind2=" " tag="338"><subfield code="a">volume</subfield><subfield code="b">nc</subfield><subfield code="2">rdacarrier</subfield></datafield><datafield ind1="0" ind2=" " tag="362"><subfield code="a">Vol. 4, no. 68 (Mar. 22 [i.e. 23], 1854)-v. 14, no. 4049 (Feb. 1, 1873).</subfield></datafield><datafield ind1=" " ind2=" " tag="500"><subfield code="a">Sometimes published as: San Joaquin daily Republican. Cf. Newspapers in microform: U.S., 1948-1972.</subfield></datafield><datafield ind1=" " ind2=" " tag="500"><subfield code="a">Publishers: H.C. Patrick &amp; Co., 1854-1855; J.M. Conley &amp; Co., 1855-1857; Conley &amp; Patrick, 1857-&lt;1859&gt;.</subfield></datafield><datafield ind1=" " ind2=" " tag="500"><subfield code="a">Democratic. Cf. Kemble, E.C. Hist. of Cailf. newspapers, 1846-1858.</subfield></datafield><datafield ind1=" " ind2=" " tag="500"><subfield code="a">Editors: A.C. Bradford, 1854-1855; E.R. Campbell; A.C. Baine; A.J. De Prefontaine; A.C. Russell; F.L. Sargent, &lt;1858&gt;.</subfield></datafield><datafield ind1=" " ind2=" " tag="515"><subfield code="a">Not published: 1863-Nov. 22? 1869. Cf. Newspapers in microform: U.S., 1948-1972.</subfield></datafield><datafield ind1=" " ind2=" " tag="515"><subfield code="a">Issues for Nov. 23-Dec. 3, 1869 called v. 1, no. 1-v.1, no. 10. Issues for Dec. 4, 1869- called New ser. v. 1, no. 11- and Old ser. v. 12, no. 3061-</subfield></datafield><datafield ind1=" " ind2=" " tag="515"><subfield code="a">Old ser. numbering is irregular.</subfield></datafield><datafield ind1=" " ind2=" " tag="530"><subfield code="a">Also issued on microfilm from the University of California, Berkeley, Bancroft Library.</subfield></datafield><datafield ind1=" " ind2=" " tag="580"><subfield code="a">Weekly eds.: Weekly San Joaquin Republican, &lt;1855-1862&gt;, and: Weekly San Joaquin Republican (Stockton, Calif. : 1869), 1869-&lt;1871&gt;.</subfield></datafield><datafield ind1=" " ind2="0" tag="651"><subfield code="a">Stockton (Calif.)</subfield><subfield code="v">Newspapers.</subfield></datafield><datafield ind1=" " ind2="7" tag="651"><subfield code="a">California</subfield><subfield code="z">Stockton.</subfield><subfield code="2">fast</subfield><subfield code="0">(OCoLC)fst01206576</subfield></datafield><datafield ind1=" " ind2="7" tag="655"><subfield code="a">Newspapers.</subfield><subfield code="2">fast</subfield><subfield code="0">(OCoLC)fst01423814</subfield></datafield><datafield ind1=" " ind2="7" tag="655"><subfield code="a">Newspapers.</subfield><subfield code="2">rbgenr</subfield></datafield><datafield ind1=" " ind2=" " tag="752"><subfield code="a">United States</subfield><subfield code="b">California</subfield><subfield code="c">San Joaquin</subfield><subfield code="d">Stockton.</subfield></datafield><datafield ind1="1" ind2=" " tag="775"><subfield code="t">Weekly San Joaquin Republican</subfield><subfield code="w">(DLC)sn 82003395</subfield><subfield code="w">(OCoLC)8773412</subfield></datafield><datafield ind1="1" ind2=" " tag="775"><subfield code="t">Weekly San Joaquin Republican (Stockton, Calif. : 1869)</subfield><subfield code="w">(DLC)sn 95062436</subfield><subfield code="w">(OCoLC)34098839</subfield></datafield><datafield ind1="0" ind2="0" tag="780"><subfield code="t">San Joaquin Republican (Stockton, Calif. : 1851)</subfield><subfield code="w">(DLC)sn 82014788</subfield><subfield code="w">(OCoLC)8797325</subfield></datafield><datafield ind1="4" ind2="1" tag="856"><subfield code="3">10/27/1855 to 12/08/1860</subfield><subfield code="u">http://infoweb.newsbank.com/?db=EANX&amp;s_browseRef=decades/11060C7ADC05E788/all.xml</subfield></datafield><datafield ind1="1" ind2=" " tag="029"><subfield code="a">AU@</subfield><subfield code="b">000020225470</subfield></datafield></record>